timestamp;buyer;seller;symbol;currency;price;quantity
0;SUBMISSION;;INTARIAN_PEPPER_ROOT;SEASHELLS;12006;10
100;SUBMISSION;;INTARIAN_PEPPER_ROOT;SEASHELLS;12007;9
200;SUBMISSION;;INTARIAN_PEPPER_ROOT;SEASHELLS;12007;11
300;SUBMISSION;;INTARIAN_PEPPER_ROOT;SEASHELLS;12007;10
500;SUBMISSION;;INTARIAN_PEPPER_ROOT;SEASHELLS;12007;11
600;SUBMISSION;;INTARIAN_PEPPER_ROOT;SEASHELLS;12007;9
700;SUBMISSION;;INTARIAN_PEPPER_ROOT;SEASHELLS;12007;11
900;SUBMISSION;;INTARIAN_PEPPER_ROOT;SEASHELLS;12007;8
1000;SUBMISSION;;INTARIAN_PEPPER_ROOT;SEASHELLS;12007;1
6300;;SUBMISSION;ASH_COATED_OSMIUM;SEASHELLS;10008;5
7000;;SUBMISSION;ASH_COATED_OSMIUM;SEASHELLS;10007;4
7100;;SUBMISSION;ASH_COATED_OSMIUM;SEASHELLS;10007;3
7800;SUBMISSION;;ASH_COATED_OSMIUM;SEASHELLS;9998;7
8600;;SUBMISSION;ASH_COATED_OSMIUM;SEASHELLS;10007;5
9300;SUBMISSION;;ASH_COATED_OSMIUM;SEASHELLS;9993;7
9700;;SUBMISSION;ASH_COATED_OSMIUM;SEASHELLS;10008;5
12500;;SUBMISSION;ASH_COATED_OSMIUM;SEASHELLS;10012;10
12600;;SUBMISSION;ASH_COATED_OSMIUM;SEASHELLS;10010;9
17700;;SUBMISSION;ASH_COATED_OSMIUM;SEASHELLS;10008;5
21200;;SUBMISSION;ASH_COATED_OSMIUM;SEASHELLS;10007;10
22000;SUBMISSION;;ASH_COATED_OSMIUM;SEASHELLS;9994;5
22700;SUBMISSION;;ASH_COATED_OSMIUM;SEASHELLS;9995;9
23200;SUBMISSION;;ASH_COATED_OSMIUM;SEASHELLS;9994;6
23600;SUBMISSION;;ASH_COATED_OSMIUM;SEASHELLS;9991;6
24600;;SUBMISSION;ASH_COATED_OSMIUM;SEASHELLS;10007;5
30100;;SUBMISSION;ASH_COATED_OSMIUM;SEASHELLS;10008;5
31500;SUBMISSION;;ASH_COATED_OSMIUM;SEASHELLS;9994;10
33800;;SUBMISSION;ASH_COATED_OSMIUM;SEASHELLS;10009;4
35100;SUBMISSION;;ASH_COATED_OSMIUM;SEASHELLS;9994;7
37300;;SUBMISSION;ASH_COATED_OSMIUM;SEASHELLS;10007;7
40500;;SUBMISSION;ASH_COATED_OSMIUM;SEASHELLS;10008;8
41100;SUBMISSION;;ASH_COATED_OSMIUM;SEASHELLS;9994;6
41900;SUBMISSION;;ASH_COATED_OSMIUM;SEASHELLS;9994;6
46300;SUBMISSION;;ASH_COATED_OSMIUM;SEASHELLS;9993;4
52500;;SUBMISSION;ASH_COATED_OSMIUM;SEASHELLS;10005;5
56500;SUBMISSION;;ASH_COATED_OSMIUM;SEASHELLS;9986;2
58200;;SUBMISSION;ASH_COATED_OSMIUM;SEASHELLS;10002;6
59500;;SUBMISSION;ASH_COATED_OSMIUM;SEASHELLS;10001;5
60800;;SUBMISSION;ASH_COATED_OSMIUM;SEASHELLS;10002;8
61800;;SUBMISSION;ASH_COATED_OSMIUM;SEASHELLS;10004;5
62200;;SUBMISSION;ASH_COATED_OSMIUM;SEASHELLS;9998;3
62300;;SUBMISSION;ASH_COATED_OSMIUM;SEASHELLS;10004;2
62800;;SUBMISSION;ASH_COATED_OSMIUM;SEASHELLS;10004;9
68000;;SUBMISSION;ASH_COATED_OSMIUM;SEASHELLS;10004;5
71300;SUBMISSION;;ASH_COATED_OSMIUM;SEASHELLS;9990;10
78300;SUBMISSION;;ASH_COATED_OSMIUM;SEASHELLS;9995;2
79400;;SUBMISSION;ASH_COATED_OSMIUM;SEASHELLS;10012;4
79600;;SUBMISSION;ASH_COATED_OSMIUM;SEASHELLS;10009;5
81400;;SUBMISSION;ASH_COATED_OSMIUM;SEASHELLS;10007;2
86800;SUBMISSION;;ASH_COATED_OSMIUM;SEASHELLS;9992;10
89000;;SUBMISSION;ASH_COATED_OSMIUM;SEASHELLS;10011;4
97500;SUBMISSION;;ASH_COATED_OSMIUM;SEASHELLS;9991;6
97600;;SUBMISSION;ASH_COATED_OSMIUM;SEASHELLS;10007;6
106900;;SUBMISSION;ASH_COATED_OSMIUM;SEASHELLS;10009;7
111300;SUBMISSION;;ASH_COATED_OSMIUM;SEASHELLS;9996;3
112200;;SUBMISSION;ASH_COATED_OSMIUM;SEASHELLS;10009;2
116600;SUBMISSION;;ASH_COATED_OSMIUM;SEASHELLS;9997;8
120700;SUBMISSION;;ASH_COATED_OSMIUM;SEASHELLS;9997;5
120800;SUBMISSION;;ASH_COATED_OSMIUM;SEASHELLS;10003;5
123600;SUBMISSION;;ASH_COATED_OSMIUM;SEASHELLS;10000;10
128900;SUBMISSION;;ASH_COATED_OSMIUM;SEASHELLS;10000;3
129500;SUBMISSION;;ASH_COATED_OSMIUM;SEASHELLS;9998;10
132300;;SUBMISSION;ASH_COATED_OSMIUM;SEASHELLS;10007;4
134100;SUBMISSION;;ASH_COATED_OSMIUM;SEASHELLS;9992;2
137400;SUBMISSION;;ASH_COATED_OSMIUM;SEASHELLS;9994;7
139000;SUBMISSION;;ASH_COATED_OSMIUM;SEASHELLS;9995;7
139100;;SUBMISSION;ASH_COATED_OSMIUM;SEASHELLS;10009;2
146500;SUBMISSION;;ASH_COATED_OSMIUM;SEASHELLS;9999;8
151400;SUBMISSION;;ASH_COATED_OSMIUM;SEASHELLS;9992;6
153700;SUBMISSION;;ASH_COATED_OSMIUM;SEASHELLS;9997;5
153800;SUBMISSION;;ASH_COATED_OSMIUM;SEASHELLS;9997;5
157600;SUBMISSION;;ASH_COATED_OSMIUM;SEASHELLS;10000;5
166700;;SUBMISSION;ASH_COATED_OSMIUM;SEASHELLS;10015;6
167900;;SUBMISSION;ASH_COATED_OSMIUM;SEASHELLS;10013;4
168000;SUBMISSION;;ASH_COATED_OSMIUM;SEASHELLS;9999;8
168600;SUBMISSION;;ASH_COATED_OSMIUM;SEASHELLS;9996;6
169500;;SUBMISSION;ASH_COATED_OSMIUM;SEASHELLS;10012;5
171200;SUBMISSION;;ASH_COATED_OSMIUM;SEASHELLS;9999;3
172200;SUBMISSION;;ASH_COATED_OSMIUM;SEASHELLS;9996;2
175300;SUBMISSION;;ASH_COATED_OSMIUM;SEASHELLS;10002;10
180500;SUBMISSION;;ASH_COATED_OSMIUM;SEASHELLS;10002;2
180600;SUBMISSION;;ASH_COATED_OSMIUM;SEASHELLS;10002;5
186800;;SUBMISSION;ASH_COATED_OSMIUM;SEASHELLS;10014;5
187700;SUBMISSION;;ASH_COATED_OSMIUM;SEASHELLS;10000;2
191200;;SUBMISSION;ASH_COATED_OSMIUM;SEASHELLS;10012;10
192800;;SUBMISSION;ASH_COATED_OSMIUM;SEASHELLS;10012;3
193800;SUBMISSION;;ASH_COATED_OSMIUM;SEASHELLS;9998;3
194400;SUBMISSION;;ASH_COATED_OSMIUM;SEASHELLS;9998;4
198500;;SUBMISSION;ASH_COATED_OSMIUM;SEASHELLS;10013;2
202000;SUBMISSION;;ASH_COATED_OSMIUM;SEASHELLS;9997;2
204900;;SUBMISSION;ASH_COATED_OSMIUM;SEASHELLS;10009;9
205800;;SUBMISSION;ASH_COATED_OSMIUM;SEASHELLS;9999;2
207200;;SUBMISSION;ASH_COATED_OSMIUM;SEASHELLS;10007;2
209800;SUBMISSION;;ASH_COATED_OSMIUM;SEASHELLS;9990;9
210100;;SUBMISSION;ASH_COATED_OSMIUM;SEASHELLS;10005;3
211000;SUBMISSION;;ASH_COATED_OSMIUM;SEASHELLS;9991;8
212000;SUBMISSION;;ASH_COATED_OSMIUM;SEASHELLS;9991;7
213500;;SUBMISSION;ASH_COATED_OSMIUM;SEASHELLS;10004;5
214400;SUBMISSION;;ASH_COATED_OSMIUM;SEASHELLS;9989;8
214600;;SUBMISSION;ASH_COATED_OSMIUM;SEASHELLS;10006;6
219100;SUBMISSION;;ASH_COATED_OSMIUM;SEASHELLS;9994;5
221300;;SUBMISSION;ASH_COATED_OSMIUM;SEASHELLS;10008;10
224700;SUBMISSION;;ASH_COATED_OSMIUM;SEASHELLS;9993;7
226400;SUBMISSION;;ASH_COATED_OSMIUM;SEASHELLS;9992;5
230100;;SUBMISSION;ASH_COATED_OSMIUM;SEASHELLS;10006;4
230600;;SUBMISSION;ASH_COATED_OSMIUM;SEASHELLS;10007;7
233600;SUBMISSION;;ASH_COATED_OSMIUM;SEASHELLS;9991;7
234200;SUBMISSION;;ASH_COATED_OSMIUM;SEASHELLS;9990;6
235100;;SUBMISSION;ASH_COATED_OSMIUM;SEASHELLS;10004;6
235800;;SUBMISSION;ASH_COATED_OSMIUM;SEASHELLS;10003;5
238200;SUBMISSION;;ASH_COATED_OSMIUM;SEASHELLS;9987;8
246200;SUBMISSION;;ASH_COATED_OSMIUM;SEASHELLS;9987;3
249400;SUBMISSION;;ASH_COATED_OSMIUM;SEASHELLS;9986;6
251000;SUBMISSION;;ASH_COATED_OSMIUM;SEASHELLS;9986;4
251900;;SUBMISSION;ASH_COATED_OSMIUM;SEASHELLS;10001;3
253600;SUBMISSION;;ASH_COATED_OSMIUM;SEASHELLS;9986;3
255700;;SUBMISSION;ASH_COATED_OSMIUM;SEASHELLS;10001;4
256000;;SUBMISSION;ASH_COATED_OSMIUM;SEASHELLS;10002;5
257900;;SUBMISSION;ASH_COATED_OSMIUM;SEASHELLS;10002;7
258200;;SUBMISSION;ASH_COATED_OSMIUM;SEASHELLS;10002;3
258500;SUBMISSION;;ASH_COATED_OSMIUM;SEASHELLS;9989;9
262400;;SUBMISSION;ASH_COATED_OSMIUM;SEASHELLS;10006;10
266100;;SUBMISSION;ASH_COATED_OSMIUM;SEASHELLS;10003;9
266300;;SUBMISSION;ASH_COATED_OSMIUM;SEASHELLS;10009;3
267000;;SUBMISSION;ASH_COATED_OSMIUM;SEASHELLS;10008;5
268400;SUBMISSION;;ASH_COATED_OSMIUM;SEASHELLS;9994;7
272000;;SUBMISSION;ASH_COATED_OSMIUM;SEASHELLS;10013;3
273000;SUBMISSION;;ASH_COATED_OSMIUM;SEASHELLS;9997;6
274000;;SUBMISSION;ASH_COATED_OSMIUM;SEASHELLS;10010;3
276900;;SUBMISSION;ASH_COATED_OSMIUM;SEASHELLS;10009;5
280600;SUBMISSION;;ASH_COATED_OSMIUM;SEASHELLS;9995;6
282800;SUBMISSION;;ASH_COATED_OSMIUM;SEASHELLS;9993;8
285700;SUBMISSION;;ASH_COATED_OSMIUM;SEASHELLS;9998;10
287000;;SUBMISSION;ASH_COATED_OSMIUM;SEASHELLS;10005;2
292000;SUBMISSION;;ASH_COATED_OSMIUM;SEASHELLS;9992;7
293700;;SUBMISSION;ASH_COATED_OSMIUM;SEASHELLS;10009;4
295400;;SUBMISSION;ASH_COATED_OSMIUM;SEASHELLS;10007;10
298500;;SUBMISSION;ASH_COATED_OSMIUM;SEASHELLS;10014;6
299900;SUBMISSION;;ASH_COATED_OSMIUM;SEASHELLS;9997;4
301700;SUBMISSION;;ASH_COATED_OSMIUM;SEASHELLS;9999;9
302600;;SUBMISSION;ASH_COATED_OSMIUM;SEASHELLS;10011;2
303200;;SUBMISSION;ASH_COATED_OSMIUM;SEASHELLS;10009;8
305000;;SUBMISSION;ASH_COATED_OSMIUM;SEASHELLS;9999;1
309000;SUBMISSION;;ASH_COATED_OSMIUM;SEASHELLS;9998;9
310900;SUBMISSION;;ASH_COATED_OSMIUM;SEASHELLS;9998;5
311500;SUBMISSION;;ASH_COATED_OSMIUM;SEASHELLS;9994;10
313100;;SUBMISSION;ASH_COATED_OSMIUM;SEASHELLS;10010;5
315300;SUBMISSION;;ASH_COATED_OSMIUM;SEASHELLS;9996;5
318600;SUBMISSION;;ASH_COATED_OSMIUM;SEASHELLS;9994;5
320400;;SUBMISSION;ASH_COATED_OSMIUM;SEASHELLS;10014;7
321800;SUBMISSION;;ASH_COATED_OSMIUM;SEASHELLS;9996;10
323700;SUBMISSION;;ASH_COATED_OSMIUM;SEASHELLS;9996;6
325600;SUBMISSION;;ASH_COATED_OSMIUM;SEASHELLS;9994;6
332900;SUBMISSION;;ASH_COATED_OSMIUM;SEASHELLS;9996;1
337100;;SUBMISSION;ASH_COATED_OSMIUM;SEASHELLS;10011;8
340500;;SUBMISSION;ASH_COATED_OSMIUM;SEASHELLS;10008;4
342900;SUBMISSION;;ASH_COATED_OSMIUM;SEASHELLS;9996;9
350000;;SUBMISSION;ASH_COATED_OSMIUM;SEASHELLS;10008;3
351800;;SUBMISSION;ASH_COATED_OSMIUM;SEASHELLS;10009;5
352200;SUBMISSION;;ASH_COATED_OSMIUM;SEASHELLS;9996;4
354400;;SUBMISSION;ASH_COATED_OSMIUM;SEASHELLS;10009;3
360900;;SUBMISSION;ASH_COATED_OSMIUM;SEASHELLS;10009;5
366200;;SUBMISSION;ASH_COATED_OSMIUM;SEASHELLS;10011;5
366200;;SUBMISSION;ASH_COATED_OSMIUM;SEASHELLS;10011;7
368900;;SUBMISSION;ASH_COATED_OSMIUM;SEASHELLS;9998;5
376000;;SUBMISSION;ASH_COATED_OSMIUM;SEASHELLS;10010;2
379500;SUBMISSION;;ASH_COATED_OSMIUM;SEASHELLS;9994;9
379800;SUBMISSION;;ASH_COATED_OSMIUM;SEASHELLS;9996;8
380200;SUBMISSION;;ASH_COATED_OSMIUM;SEASHELLS;9995;5
380400;SUBMISSION;;ASH_COATED_OSMIUM;SEASHELLS;9995;6
383300;;SUBMISSION;ASH_COATED_OSMIUM;SEASHELLS;10008;8
384100;SUBMISSION;;ASH_COATED_OSMIUM;SEASHELLS;9994;3
384800;SUBMISSION;;ASH_COATED_OSMIUM;SEASHELLS;9994;7
388200;;SUBMISSION;ASH_COATED_OSMIUM;SEASHELLS;10010;10
388500;;SUBMISSION;ASH_COATED_OSMIUM;SEASHELLS;10010;7
389500;SUBMISSION;;ASH_COATED_OSMIUM;SEASHELLS;9993;2
392200;SUBMISSION;;ASH_COATED_OSMIUM;SEASHELLS;9993;4
398600;;SUBMISSION;ASH_COATED_OSMIUM;SEASHELLS;10011;9
399300;;SUBMISSION;ASH_COATED_OSMIUM;SEASHELLS;10010;5
401200;;SUBMISSION;ASH_COATED_OSMIUM;SEASHELLS;10011;5
405700;SUBMISSION;;ASH_COATED_OSMIUM;SEASHELLS;9994;6
407200;;SUBMISSION;ASH_COATED_OSMIUM;SEASHELLS;10010;4
408200;SUBMISSION;;ASH_COATED_OSMIUM;SEASHELLS;9993;6
409000;SUBMISSION;;ASH_COATED_OSMIUM;SEASHELLS;9995;2
410100;;SUBMISSION;ASH_COATED_OSMIUM;SEASHELLS;10009;3
410200;;SUBMISSION;ASH_COATED_OSMIUM;SEASHELLS;10012;5
412500;SUBMISSION;;ASH_COATED_OSMIUM;SEASHELLS;9993;7
413900;;SUBMISSION;ASH_COATED_OSMIUM;SEASHELLS;10011;5
414200;SUBMISSION;;ASH_COATED_OSMIUM;SEASHELLS;9999;7
416000;SUBMISSION;;ASH_COATED_OSMIUM;SEASHELLS;9999;5
422200;;SUBMISSION;ASH_COATED_OSMIUM;SEASHELLS;10008;6
423200;SUBMISSION;;ASH_COATED_OSMIUM;SEASHELLS;9994;6
424000;;SUBMISSION;ASH_COATED_OSMIUM;SEASHELLS;10006;8
425300;;SUBMISSION;ASH_COATED_OSMIUM;SEASHELLS;10007;4
425600;;SUBMISSION;ASH_COATED_OSMIUM;SEASHELLS;10005;8
426000;;SUBMISSION;ASH_COATED_OSMIUM;SEASHELLS;10006;7
430500;SUBMISSION;;ASH_COATED_OSMIUM;SEASHELLS;9992;4
432600;SUBMISSION;;ASH_COATED_OSMIUM;SEASHELLS;9992;6
435000;;SUBMISSION;ASH_COATED_OSMIUM;SEASHELLS;10007;4
438900;;SUBMISSION;ASH_COATED_OSMIUM;SEASHELLS;10010;5
439500;SUBMISSION;;ASH_COATED_OSMIUM;SEASHELLS;9990;6
441100;SUBMISSION;;ASH_COATED_OSMIUM;SEASHELLS;9994;3
441600;;SUBMISSION;ASH_COATED_OSMIUM;SEASHELLS;10002;4
448900;;SUBMISSION;ASH_COATED_OSMIUM;SEASHELLS;10009;5
454100;SUBMISSION;;ASH_COATED_OSMIUM;SEASHELLS;10000;6
454400;SUBMISSION;;ASH_COATED_OSMIUM;SEASHELLS;10000;8
460800;SUBMISSION;;ASH_COATED_OSMIUM;SEASHELLS;9999;5
469200;;SUBMISSION;ASH_COATED_OSMIUM;SEASHELLS;10013;3
470800;;SUBMISSION;ASH_COATED_OSMIUM;SEASHELLS;10013;9
473000;SUBMISSION;;ASH_COATED_OSMIUM;SEASHELLS;10001;9
473600;SUBMISSION;;ASH_COATED_OSMIUM;SEASHELLS;10001;4
475200;SUBMISSION;;ASH_COATED_OSMIUM;SEASHELLS;9996;6
477400;;SUBMISSION;ASH_COATED_OSMIUM;SEASHELLS;10009;5
477900;;SUBMISSION;ASH_COATED_OSMIUM;SEASHELLS;10007;3
478200;;SUBMISSION;ASH_COATED_OSMIUM;SEASHELLS;10007;3
484300;SUBMISSION;;ASH_COATED_OSMIUM;SEASHELLS;9989;9
485200;SUBMISSION;;ASH_COATED_OSMIUM;SEASHELLS;9990;6
486400;;SUBMISSION;ASH_COATED_OSMIUM;SEASHELLS;10008;5
489100;SUBMISSION;;ASH_COATED_OSMIUM;SEASHELLS;9995;6
490700;SUBMISSION;;ASH_COATED_OSMIUM;SEASHELLS;9994;3
496300;SUBMISSION;;ASH_COATED_OSMIUM;SEASHELLS;9992;3
498300;SUBMISSION;;ASH_COATED_OSMIUM;SEASHELLS;9994;7
505400;;SUBMISSION;ASH_COATED_OSMIUM;SEASHELLS;10010;5
506500;;SUBMISSION;ASH_COATED_OSMIUM;SEASHELLS;10011;3
515500;SUBMISSION;;ASH_COATED_OSMIUM;SEASHELLS;9998;6
517700;;SUBMISSION;ASH_COATED_OSMIUM;SEASHELLS;10002;3
520900;;SUBMISSION;ASH_COATED_OSMIUM;SEASHELLS;10015;6
521700;;SUBMISSION;ASH_COATED_OSMIUM;SEASHELLS;10014;5
522200;SUBMISSION;;ASH_COATED_OSMIUM;SEASHELLS;9999;5
523600;SUBMISSION;;ASH_COATED_OSMIUM;SEASHELLS;9998;9
525500;;SUBMISSION;ASH_COATED_OSMIUM;SEASHELLS;10012;3
526000;;SUBMISSION;ASH_COATED_OSMIUM;SEASHELLS;10012;7
526400;;SUBMISSION;ASH_COATED_OSMIUM;SEASHELLS;10012;5
527700;SUBMISSION;;ASH_COATED_OSMIUM;SEASHELLS;9995;3
531200;;SUBMISSION;ASH_COATED_OSMIUM;SEASHELLS;10012;2
533800;;SUBMISSION;ASH_COATED_OSMIUM;SEASHELLS;10014;4
534300;SUBMISSION;;ASH_COATED_OSMIUM;SEASHELLS;10002;6
536100;;SUBMISSION;ASH_COATED_OSMIUM;SEASHELLS;10013;8
536800;;SUBMISSION;ASH_COATED_OSMIUM;SEASHELLS;10018;2
537400;;SUBMISSION;ASH_COATED_OSMIUM;SEASHELLS;10019;2
541000;;SUBMISSION;ASH_COATED_OSMIUM;SEASHELLS;10020;6
544100;SUBMISSION;;ASH_COATED_OSMIUM;SEASHELLS;10008;7
545400;;SUBMISSION;ASH_COATED_OSMIUM;SEASHELLS;10022;2
546100;SUBMISSION;;ASH_COATED_OSMIUM;SEASHELLS;10007;5
548100;;SUBMISSION;ASH_COATED_OSMIUM;SEASHELLS;10025;9
548400;SUBMISSION;;ASH_COATED_OSMIUM;SEASHELLS;10004;4
553700;SUBMISSION;;ASH_COATED_OSMIUM;SEASHELLS;10004;5
557200;;SUBMISSION;ASH_COATED_OSMIUM;SEASHELLS;10018;6
557600;;SUBMISSION;ASH_COATED_OSMIUM;SEASHELLS;10020;6
560100;;SUBMISSION;ASH_COATED_OSMIUM;SEASHELLS;10018;6
563900;SUBMISSION;;ASH_COATED_OSMIUM;SEASHELLS;10001;3
564300;;SUBMISSION;ASH_COATED_OSMIUM;SEASHELLS;10017;3
566300;;SUBMISSION;ASH_COATED_OSMIUM;SEASHELLS;10017;5
567200;;SUBMISSION;ASH_COATED_OSMIUM;SEASHELLS;10018;5
568500;;SUBMISSION;ASH_COATED_OSMIUM;SEASHELLS;10011;5
573800;;SUBMISSION;ASH_COATED_OSMIUM;SEASHELLS;10018;6
574600;SUBMISSION;;ASH_COATED_OSMIUM;SEASHELLS;10002;9
575200;;SUBMISSION;ASH_COATED_OSMIUM;SEASHELLS;10016;2
576900;SUBMISSION;;ASH_COATED_OSMIUM;SEASHELLS;10001;10
579000;SUBMISSION;;ASH_COATED_OSMIUM;SEASHELLS;10001;9
579400;;SUBMISSION;ASH_COATED_OSMIUM;SEASHELLS;10015;5
580300;;SUBMISSION;ASH_COATED_OSMIUM;SEASHELLS;10016;3
581300;SUBMISSION;;ASH_COATED_OSMIUM;SEASHELLS;10001;4
583100;SUBMISSION;;ASH_COATED_OSMIUM;SEASHELLS;9999;4
586600;;SUBMISSION;ASH_COATED_OSMIUM;SEASHELLS;10014;6
587200;SUBMISSION;;ASH_COATED_OSMIUM;SEASHELLS;9998;5
589200;SUBMISSION;;ASH_COATED_OSMIUM;SEASHELLS;9995;2
591500;;SUBMISSION;ASH_COATED_OSMIUM;SEASHELLS;10012;10
596200;;SUBMISSION;ASH_COATED_OSMIUM;SEASHELLS;10013;7
603100;;SUBMISSION;ASH_COATED_OSMIUM;SEASHELLS;10014;9
604700;;SUBMISSION;ASH_COATED_OSMIUM;SEASHELLS;10012;6
607300;SUBMISSION;;ASH_COATED_OSMIUM;SEASHELLS;9997;3
608300;;SUBMISSION;ASH_COATED_OSMIUM;SEASHELLS;10010;8
609600;;SUBMISSION;ASH_COATED_OSMIUM;SEASHELLS;10008;6
611400;SUBMISSION;;ASH_COATED_OSMIUM;SEASHELLS;9998;8
615100;SUBMISSION;;ASH_COATED_OSMIUM;SEASHELLS;9994;3
616100;;SUBMISSION;ASH_COATED_OSMIUM;SEASHELLS;10006;2
618800;;SUBMISSION;ASH_COATED_OSMIUM;SEASHELLS;10008;10
619900;SUBMISSION;;ASH_COATED_OSMIUM;SEASHELLS;9995;5
623900;;SUBMISSION;ASH_COATED_OSMIUM;SEASHELLS;10013;3
624100;SUBMISSION;;ASH_COATED_OSMIUM;SEASHELLS;9996;4
626000;SUBMISSION;;ASH_COATED_OSMIUM;SEASHELLS;9994;2
626700;;SUBMISSION;ASH_COATED_OSMIUM;SEASHELLS;10007;4
630100;;SUBMISSION;ASH_COATED_OSMIUM;SEASHELLS;10008;2
630400;SUBMISSION;;ASH_COATED_OSMIUM;SEASHELLS;9998;10
631200;;SUBMISSION;ASH_COATED_OSMIUM;SEASHELLS;10009;9
632400;SUBMISSION;;ASH_COATED_OSMIUM;SEASHELLS;9995;5
634300;;SUBMISSION;ASH_COATED_OSMIUM;SEASHELLS;10010;6
635100;;SUBMISSION;ASH_COATED_OSMIUM;SEASHELLS;10009;6
638000;;SUBMISSION;ASH_COATED_OSMIUM;SEASHELLS;10012;4
639500;SUBMISSION;;ASH_COATED_OSMIUM;SEASHELLS;9996;7
639600;SUBMISSION;;ASH_COATED_OSMIUM;SEASHELLS;9997;4
648300;SUBMISSION;;ASH_COATED_OSMIUM;SEASHELLS;10000;8
649200;SUBMISSION;;ASH_COATED_OSMIUM;SEASHELLS;10000;3
649900;SUBMISSION;;ASH_COATED_OSMIUM;SEASHELLS;9992;4
654200;SUBMISSION;;ASH_COATED_OSMIUM;SEASHELLS;9991;5
654400;SUBMISSION;;ASH_COATED_OSMIUM;SEASHELLS;9992;3
655000;;SUBMISSION;ASH_COATED_OSMIUM;SEASHELLS;10001;6
657900;;SUBMISSION;ASH_COATED_OSMIUM;SEASHELLS;10006;10
660600;SUBMISSION;;ASH_COATED_OSMIUM;SEASHELLS;9985;6
665200;;SUBMISSION;ASH_COATED_OSMIUM;SEASHELLS;9998;5
665700;;SUBMISSION;ASH_COATED_OSMIUM;SEASHELLS;9999;8
666900;SUBMISSION;;ASH_COATED_OSMIUM;SEASHELLS;9987;6
667500;SUBMISSION;;ASH_COATED_OSMIUM;SEASHELLS;9985;4
668100;;SUBMISSION;ASH_COATED_OSMIUM;SEASHELLS;9999;3
670500;;SUBMISSION;ASH_COATED_OSMIUM;SEASHELLS;10002;2
670800;SUBMISSION;;ASH_COATED_OSMIUM;SEASHELLS;9988;9
674800;;SUBMISSION;ASH_COATED_OSMIUM;SEASHELLS;10004;7
676700;SUBMISSION;;ASH_COATED_OSMIUM;SEASHELLS;9985;5
680300;SUBMISSION;;ASH_COATED_OSMIUM;SEASHELLS;9988;6
681500;SUBMISSION;;ASH_COATED_OSMIUM;SEASHELLS;9984;3
682900;;SUBMISSION;ASH_COATED_OSMIUM;SEASHELLS;10002;7
684100;SUBMISSION;;ASH_COATED_OSMIUM;SEASHELLS;9988;8
684700;SUBMISSION;;ASH_COATED_OSMIUM;SEASHELLS;9986;3
685000;SUBMISSION;;ASH_COATED_OSMIUM;SEASHELLS;9990;7
685300;SUBMISSION;;ASH_COATED_OSMIUM;SEASHELLS;9990;5
690800;SUBMISSION;;ASH_COATED_OSMIUM;SEASHELLS;9984;5
693100;;SUBMISSION;ASH_COATED_OSMIUM;SEASHELLS;10000;4
694700;;SUBMISSION;ASH_COATED_OSMIUM;SEASHELLS;10000;8
696600;;SUBMISSION;ASH_COATED_OSMIUM;SEASHELLS;10000;3
698500;SUBMISSION;;ASH_COATED_OSMIUM;SEASHELLS;9989;5
699600;;SUBMISSION;ASH_COATED_OSMIUM;SEASHELLS;9996;9
702100;SUBMISSION;;ASH_COATED_OSMIUM;SEASHELLS;9987;5
706700;SUBMISSION;;ASH_COATED_OSMIUM;SEASHELLS;9988;7
708200;;SUBMISSION;ASH_COATED_OSMIUM;SEASHELLS;9997;5
709600;;SUBMISSION;ASH_COATED_OSMIUM;SEASHELLS;9998;2
709800;;SUBMISSION;ASH_COATED_OSMIUM;SEASHELLS;9996;5
710100;;SUBMISSION;ASH_COATED_OSMIUM;SEASHELLS;9996;7
714200;SUBMISSION;;ASH_COATED_OSMIUM;SEASHELLS;9986;7
721400;;SUBMISSION;ASH_COATED_OSMIUM;SEASHELLS;9996;4
721800;SUBMISSION;;ASH_COATED_OSMIUM;SEASHELLS;9984;8
724600;;SUBMISSION;ASH_COATED_OSMIUM;SEASHELLS;9994;2
728100;;SUBMISSION;ASH_COATED_OSMIUM;SEASHELLS;9998;10
728400;;SUBMISSION;ASH_COATED_OSMIUM;SEASHELLS;9999;9
729300;;SUBMISSION;ASH_COATED_OSMIUM;SEASHELLS;9999;8
730000;;SUBMISSION;ASH_COATED_OSMIUM;SEASHELLS;9998;2
731100;SUBMISSION;;ASH_COATED_OSMIUM;SEASHELLS;9984;5
731200;SUBMISSION;;ASH_COATED_OSMIUM;SEASHELLS;9984;7
732000;SUBMISSION;;ASH_COATED_OSMIUM;SEASHELLS;9983;6
739900;SUBMISSION;;ASH_COATED_OSMIUM;SEASHELLS;9982;4
742700;;SUBMISSION;ASH_COATED_OSMIUM;SEASHELLS;9995;5
743700;SUBMISSION;;ASH_COATED_OSMIUM;SEASHELLS;9985;2
743700;;SUBMISSION;ASH_COATED_OSMIUM;SEASHELLS;10002;8
745000;;SUBMISSION;ASH_COATED_OSMIUM;SEASHELLS;10000;6
753500;SUBMISSION;;ASH_COATED_OSMIUM;SEASHELLS;9989;7
755400;SUBMISSION;;ASH_COATED_OSMIUM;SEASHELLS;9990;3
755800;SUBMISSION;;ASH_COATED_OSMIUM;SEASHELLS;9990;2
756200;SUBMISSION;;ASH_COATED_OSMIUM;SEASHELLS;9990;9
757100;;SUBMISSION;ASH_COATED_OSMIUM;SEASHELLS;10005;6
758300;SUBMISSION;;ASH_COATED_OSMIUM;SEASHELLS;9996;7
759600;;SUBMISSION;ASH_COATED_OSMIUM;SEASHELLS;10005;3
762600;SUBMISSION;;ASH_COATED_OSMIUM;SEASHELLS;9991;7
765700;SUBMISSION;;ASH_COATED_OSMIUM;SEASHELLS;9990;6
767600;;SUBMISSION;ASH_COATED_OSMIUM;SEASHELLS;10005;10
769400;SUBMISSION;;ASH_COATED_OSMIUM;SEASHELLS;9992;6
769500;SUBMISSION;;ASH_COATED_OSMIUM;SEASHELLS;9991;7
770200;SUBMISSION;;ASH_COATED_OSMIUM;SEASHELLS;9989;5
773600;SUBMISSION;;ASH_COATED_OSMIUM;SEASHELLS;9993;5
779300;SUBMISSION;;ASH_COATED_OSMIUM;SEASHELLS;9989;4
780200;SUBMISSION;;ASH_COATED_OSMIUM;SEASHELLS;9988;4
780800;;SUBMISSION;ASH_COATED_OSMIUM;SEASHELLS;10005;6
781500;;SUBMISSION;ASH_COATED_OSMIUM;SEASHELLS;10007;3
782400;SUBMISSION;;ASH_COATED_OSMIUM;SEASHELLS;9988;4
782700;;SUBMISSION;ASH_COATED_OSMIUM;SEASHELLS;10003;6
783400;;SUBMISSION;ASH_COATED_OSMIUM;SEASHELLS;10004;2
784600;;SUBMISSION;ASH_COATED_OSMIUM;SEASHELLS;10005;4
785800;SUBMISSION;;ASH_COATED_OSMIUM;SEASHELLS;9994;10
787100;;SUBMISSION;ASH_COATED_OSMIUM;SEASHELLS;10007;4
788800;SUBMISSION;;ASH_COATED_OSMIUM;SEASHELLS;9990;6
793200;;SUBMISSION;ASH_COATED_OSMIUM;SEASHELLS;10004;4
794800;SUBMISSION;;ASH_COATED_OSMIUM;SEASHELLS;9991;5
797200;;SUBMISSION;ASH_COATED_OSMIUM;SEASHELLS;10003;10
797300;;SUBMISSION;ASH_COATED_OSMIUM;SEASHELLS;10003;6
798000;;SUBMISSION;ASH_COATED_OSMIUM;SEASHELLS;10005;3
802800;;SUBMISSION;ASH_COATED_OSMIUM;SEASHELLS;10005;5
803300;;SUBMISSION;ASH_COATED_OSMIUM;SEASHELLS;10005;10
804000;SUBMISSION;;ASH_COATED_OSMIUM;SEASHELLS;9988;3
804400;;SUBMISSION;ASH_COATED_OSMIUM;SEASHELLS;10008;4
805400;;SUBMISSION;ASH_COATED_OSMIUM;SEASHELLS;10005;2
808300;;SUBMISSION;ASH_COATED_OSMIUM;SEASHELLS;10009;5
808600;SUBMISSION;;ASH_COATED_OSMIUM;SEASHELLS;9994;2
809300;;SUBMISSION;ASH_COATED_OSMIUM;SEASHELLS;10010;5
812300;SUBMISSION;;ASH_COATED_OSMIUM;SEASHELLS;9992;2
812600;;SUBMISSION;ASH_COATED_OSMIUM;SEASHELLS;10009;2
814300;SUBMISSION;;ASH_COATED_OSMIUM;SEASHELLS;9995;5
815000;SUBMISSION;;ASH_COATED_OSMIUM;SEASHELLS;9995;4
821100;SUBMISSION;;ASH_COATED_OSMIUM;SEASHELLS;9996;9
823500;SUBMISSION;;ASH_COATED_OSMIUM;SEASHELLS;9999;6
827600;SUBMISSION;;ASH_COATED_OSMIUM;SEASHELLS;10001;5
830800;SUBMISSION;;ASH_COATED_OSMIUM;SEASHELLS;9996;9
831100;;SUBMISSION;ASH_COATED_OSMIUM;SEASHELLS;10011;4
842100;;SUBMISSION;ASH_COATED_OSMIUM;SEASHELLS;10011;5
843800;;SUBMISSION;ASH_COATED_OSMIUM;SEASHELLS;10012;4
852600;SUBMISSION;;ASH_COATED_OSMIUM;SEASHELLS;10003;10
853100;SUBMISSION;;ASH_COATED_OSMIUM;SEASHELLS;9997;5
854000;;SUBMISSION;ASH_COATED_OSMIUM;SEASHELLS;10013;6
856500;SUBMISSION;;ASH_COATED_OSMIUM;SEASHELLS;9993;5
860600;SUBMISSION;;ASH_COATED_OSMIUM;SEASHELLS;9993;2
861400;SUBMISSION;;ASH_COATED_OSMIUM;SEASHELLS;9994;4
861600;;SUBMISSION;ASH_COATED_OSMIUM;SEASHELLS;10008;2
864000;;SUBMISSION;ASH_COATED_OSMIUM;SEASHELLS;10006;3
864600;SUBMISSION;;ASH_COATED_OSMIUM;SEASHELLS;9991;3
870800;SUBMISSION;;ASH_COATED_OSMIUM;SEASHELLS;9996;8
871900;;SUBMISSION;ASH_COATED_OSMIUM;SEASHELLS;10008;5
872600;SUBMISSION;;ASH_COATED_OSMIUM;SEASHELLS;9992;3
875700;SUBMISSION;;ASH_COATED_OSMIUM;SEASHELLS;9989;10
880100;SUBMISSION;;ASH_COATED_OSMIUM;SEASHELLS;9993;3
881300;SUBMISSION;;ASH_COATED_OSMIUM;SEASHELLS;9992;4
882400;;SUBMISSION;ASH_COATED_OSMIUM;SEASHELLS;10006;5
883800;;SUBMISSION;ASH_COATED_OSMIUM;SEASHELLS;10005;5
885400;SUBMISSION;;ASH_COATED_OSMIUM;SEASHELLS;9989;2
885600;;SUBMISSION;ASH_COATED_OSMIUM;SEASHELLS;10005;4
890500;SUBMISSION;;ASH_COATED_OSMIUM;SEASHELLS;9989;5
891900;;SUBMISSION;ASH_COATED_OSMIUM;SEASHELLS;10007;6
892800;SUBMISSION;;ASH_COATED_OSMIUM;SEASHELLS;9990;6
903100;;SUBMISSION;ASH_COATED_OSMIUM;SEASHELLS;10010;10
904600;;SUBMISSION;ASH_COATED_OSMIUM;SEASHELLS;10005;4
907400;;SUBMISSION;ASH_COATED_OSMIUM;SEASHELLS;10008;7
913400;;SUBMISSION;ASH_COATED_OSMIUM;SEASHELLS;10013;8
920200;SUBMISSION;;ASH_COATED_OSMIUM;SEASHELLS;10004;4
922300;SUBMISSION;;ASH_COATED_OSMIUM;SEASHELLS;10002;6
923500;;SUBMISSION;ASH_COATED_OSMIUM;SEASHELLS;10016;8
924900;SUBMISSION;;ASH_COATED_OSMIUM;SEASHELLS;10001;2
924900;;SUBMISSION;ASH_COATED_OSMIUM;SEASHELLS;10015;5
927400;SUBMISSION;;ASH_COATED_OSMIUM;SEASHELLS;9997;9
928900;;SUBMISSION;ASH_COATED_OSMIUM;SEASHELLS;10014;2
929200;;SUBMISSION;ASH_COATED_OSMIUM;SEASHELLS;10004;3
930200;SUBMISSION;;ASH_COATED_OSMIUM;SEASHELLS;9998;3
933000;;SUBMISSION;ASH_COATED_OSMIUM;SEASHELLS;10016;9
934300;;SUBMISSION;ASH_COATED_OSMIUM;SEASHELLS;10014;2
941400;;SUBMISSION;ASH_COATED_OSMIUM;SEASHELLS;10013;6
942800;;SUBMISSION;ASH_COATED_OSMIUM;SEASHELLS;10012;6
944500;;SUBMISSION;ASH_COATED_OSMIUM;SEASHELLS;10014;10
950000;;SUBMISSION;ASH_COATED_OSMIUM;SEASHELLS;10018;4
964900;SUBMISSION;;ASH_COATED_OSMIUM;SEASHELLS;10005;2
965300;SUBMISSION;;ASH_COATED_OSMIUM;SEASHELLS;10009;6
966200;SUBMISSION;;ASH_COATED_OSMIUM;SEASHELLS;10004;5
972600;SUBMISSION;;ASH_COATED_OSMIUM;SEASHELLS;10003;3
974300;;SUBMISSION;ASH_COATED_OSMIUM;SEASHELLS;10017;4
980200;SUBMISSION;;ASH_COATED_OSMIUM;SEASHELLS;10001;4
981600;SUBMISSION;;ASH_COATED_OSMIUM;SEASHELLS;10004;4
987400;;SUBMISSION;ASH_COATED_OSMIUM;SEASHELLS;10015;9
988500;SUBMISSION;;ASH_COATED_OSMIUM;SEASHELLS;10004;6
990400;SUBMISSION;;ASH_COATED_OSMIUM;SEASHELLS;10007;2
991600;;SUBMISSION;ASH_COATED_OSMIUM;SEASHELLS;10017;5
993100;;SUBMISSION;ASH_COATED_OSMIUM;SEASHELLS;10016;3
993400;SUBMISSION;;ASH_COATED_OSMIUM;SEASHELLS;10001;3
995000;;SUBMISSION;INTARIAN_PEPPER_ROOT;SEASHELLS;13001;4
996100;SUBMISSION;;ASH_COATED_OSMIUM;SEASHELLS;10005;4
998000;SUBMISSION;;ASH_COATED_OSMIUM;SEASHELLS;10001;6
998400;SUBMISSION;;ASH_COATED_OSMIUM;SEASHELLS;10000;5
998400;;SUBMISSION;INTARIAN_PEPPER_ROOT;SEASHELLS;13004;4
